@book{test99,
	author = "John Doe",
	title = "Fast Fourier Transforms",
	year = "1999",
	publisher = "That one Place"
}

@INPROCEEDINGS{1dFft,

  author={R. {Al Na'mneh} and D. W. {Pan} and R. {Adhami}},

  booktitle={Proceedings of the Thirty-Seventh Southeastern Symposium on System Theory, 2005. SSST '05.}, 

  title={Parallel implementation of 1-D fast Fourier transform without inter-processor communications}, 

  year={2005},

  volume={},

  number={},

  pages={307-311},

  doi={10.1109/SSST.2005.1460927}}

